<record><leader>00000cas a2200000 a 4500</leader><controlfield tag="001">14907654</controlfield><controlfield tag="008">861201d18731890miuwr ne      0    0eng c</controlfield><datafield ind1=" " ind2=" " tag="010"><subfield code="a">sn 86053950 </subfield></datafield><datafield ind1=" " ind2=" " tag="040"><subfield code="a">NPX</subfield><subfield code="b">eng</subfield><subfield code="c">NPX</subfield><subfield code="d">MGN</subfield><subfield code="d">MHN</subfield><subfield code="d">OCL</subfield><subfield code="d">OCLCQ</subfield><subfield code="d">OCLCF</subfield><subfield code="d">OCLCO</subfield></datafield><datafield ind1="1" ind2=" " tag="029"><subfield code="a">AU@</subfield><subfield code="b">000025797789</subfield></datafield><datafield ind1=" " ind2=" " tag="042"><subfield code="a">pcc</subfield></datafield><datafield ind1=" " ind2=" " tag="043"><subfield code="a">n-us-mi</subfield></datafield><datafield ind1="0" ind2=" " tag="130"><subfield code="a">Sunday commercial (Port Huron, Mich.)</subfield></datafield><datafield ind1="1" ind2="4" tag="245"><subfield code="a">The Sunday commercial.</subfield></datafield><datafield ind1=" " ind2=" " tag="260"><subfield code="a">Port Huron, Mich. :</subfield><subfield code="b">[s.n.]</subfield></datafield><datafield ind1=" " ind2=" " tag="300"><subfield code="a">v.</subfield></datafield><datafield ind1=" " ind2=" " tag="310"><subfield code="a">Weekly</subfield></datafield><datafield ind1="0" ind2=" " tag="362"><subfield code="a">Vol. 24, no. 18 (Oct. 5, 1873) = whole no. 1216 ; v. 1, no. 2 (Oct. 12, 1873)-v. 4, no. 209 (Sept. 30, 1877) ; 5th yr., no. 210 (Oct. 7, 1877)-13th yr., no. 663 (June 14, 1886) ; no. 664 (June 21, 1886)-no. 701 (Aug. 24, 1890).</subfield></datafield><datafield ind1=" " ind2=" " tag="500"><subfield code="a">Publisher: Commercial Print. Co., &lt;Apr. 16, 1876&gt;.</subfield></datafield><datafield ind1=" " ind2=" " tag="580"><subfield code="a">Weekly ed.: Port Huron commercial, Port Huron commercial-tribune (Port Huron, Mich. : 1888 : Weekly).</subfield></datafield><datafield ind1=" " ind2=" " tag="580"><subfield code="a">Daily ed.: Evening commercial (Port Huron, Mich.), Port Huron commercial tribune (Port Huron, Mich. : 1888 : Daily), Commercial-tribune (Port Huron, Mich.).</subfield></datafield><datafield ind1=" " ind2="0" tag="651"><subfield code="a">Port Huron (Mich.)</subfield><subfield code="v">Newspapers.</subfield></datafield><datafield ind1=" " ind2="0" tag="651"><subfield code="a">Saint Clair County (Mich.)</subfield><subfield code="v">Newspapers.</subfield></datafield><datafield ind1=" " ind2="7" tag="655"><subfield code="a">Newspapers.</subfield><subfield code="2">fast</subfield><subfield code="0">(OCoLC)fst01423814</subfield></datafield><datafield ind1=" " ind2="7" tag="651"><subfield code="a">Michigan</subfield><subfield code="z">Port Huron.</subfield><subfield code="2">fast</subfield><subfield code="0">(OCoLC)fst01224208</subfield></datafield><datafield ind1=" " ind2="7" tag="651"><subfield code="a">Michigan</subfield><subfield code="z">Saint Clair County.</subfield><subfield code="2">fast</subfield><subfield code="0">(OCoLC)fst01218750</subfield></datafield><datafield ind1=" " ind2=" " tag="752"><subfield code="a">United States</subfield><subfield code="b">Michigan</subfield><subfield code="c">Saint Clair</subfield><subfield code="d">Port Huron.</subfield></datafield><datafield ind1="1" ind2=" " tag="775"><subfield code="t">Port Huron commercial</subfield><subfield code="w">(DLC)sn 85033797</subfield><subfield code="w">(OCoLC)12267829</subfield></datafield><datafield ind1="1" ind2=" " tag="775"><subfield code="t">Port Huron commercial-tribune (Port Huron, Mich. : 1888 : Weekly)</subfield><subfield code="w">(DLC)sn 96077468</subfield><subfield code="w">(OCoLC)36168181</subfield></datafield><datafield ind1="1" ind2=" " tag="775"><subfield code="t">Evening commercial (Port Huron, Mich.)</subfield><subfield code="w">(DLC)sn 96077476</subfield><subfield code="w">(OCoLC)36168045</subfield></datafield><datafield ind1="1" ind2=" " tag="775"><subfield code="t">Port Huron commercial-tribune (Port Huron, Mich. : 1888 : Daily)</subfield><subfield code="w">(DLC)sn 98066558</subfield><subfield code="w">(OCoLC)40727044</subfield></datafield><datafield ind1="1" ind2=" " tag="775"><subfield code="t">Commercial-tribune (Port Huron, Mich.)</subfield><subfield code="w">(DLC)sn 98066557</subfield><subfield code="w">(OCoLC)40727150</subfield></datafield></record>